@article{web, 
	author={Smith, Gillian, Othenin-Girard, Alexei, Whitehead, Jim, Wardrip-Fruin, Noah}, 
	publisher={ACM New York, NY, USA Â©2012}, 
	title={PCG-based game design: creating Endless Web}, 
	year={2012-05-29}, 
	pages={188-195}
}
